@inproceedings{book,
  title={自己动手写CPU},
  author={Silei Lei}
}
